<?xml version="1.0" encoding="UTF-8"?>
<record xmlns="http://www.loc.gov/MARC21/slim">
   <leader>02048cam a2200325Ii 4500</leader>
   <controlfield tag="001">5252366</controlfield>
   <controlfield tag="003">NjP</controlfield>
   <controlfield tag="005">20181002175231.0</controlfield>
   <controlfield tag="008">891201m19589999iq a         f000 0 ara  </controlfield>
   <datafield tag="024" ind1="7" ind2=" ">
      <subfield code="a">princeton_aco003660</subfield>
      <subfield code="2">local</subfield>
   </datafield>
   <datafield ind1=" " ind2=" " tag="010">
      <subfield code="a">   74236280 </subfield>
   </datafield>
   <datafield ind1=" " ind2=" " tag="035">
      <subfield code="a">(OCoLC)ocm20721390</subfield>
   </datafield>
   <datafield ind1=" " ind2=" " tag="040">
      <subfield code="a">DLC</subfield>
      <subfield code="c">IXA</subfield>
      <subfield code="d">OCLCQ</subfield>
   </datafield>
   <datafield ind1=" " ind2=" " tag="066">
      <subfield code="c">(3</subfield>
   </datafield>
   <datafield ind1=" " ind2=" " tag="035">
      <subfield code="a">(OCoLC)20721390</subfield>
   </datafield>
   <datafield ind1=" " ind2=" " tag="043">
      <subfield code="a">a-iq---</subfield>
   </datafield>
   <datafield ind1=" " ind2=" " tag="090">
      <subfield code="a">JQ1825.I773</subfield>
      <subfield code="b">I73 1958</subfield>
   </datafield>
   <datafield ind1=" " ind2=" " tag="049">
      <subfield code="a">PULL</subfield>
   </datafield>
   <datafield ind1="1" ind2=" " tag="110">
      <subfield code="a">Iraq.</subfield>
      <subfield code="b">Maḥkamah al-ʻAskarīyah al- ʻUlyā al-Khāṣṣah.</subfield>
   </datafield>
   <datafield ind1="1" ind2="0" tag="245">
      <subfield code="6">880-01</subfield>
      <subfield code="a">Muḥākamāt al- Maḥkamah al- ʻAskarīyah al- ʻUlyā al-Khāṣṣah :</subfield>
      <subfield code="b">al-maḥādir al-rasmīyah lil-jalasāt allatī ʻaqadathā al-Maḥkamah li-muḥākamat al-mutaʾāmirīn ʻalá salāmat al-watan wa-mufsidī nizām al-ḥukm /</subfield>
      <subfield code="c">iʻdād Hayʾat al-Tansīq fī al-Maḥkamah al-ʻAskarīyah al-ʻUlyā al-Khāṣṣah.</subfield>
   </datafield>
   <datafield ind1=" " ind2=" " tag="260">
      <subfield code="a">[Baghdād] :</subfield>
      <subfield code="b">Wizārat al-Difāʻ,</subfield>
      <subfield code="c">1958 [i.e. 1959-</subfield>
   </datafield>
   <datafield ind1=" " ind2=" " tag="300">
      <subfield code="a">v. :</subfield>
      <subfield code="b">ill. ;</subfield>
      <subfield code="c">25 cm.</subfield>
   </datafield>
   <datafield ind1=" " ind2=" " tag="500">
      <subfield code="a">Cover title: al Maḥāḍir al-rasmīyah li-jalasāt al Maḥkamah al-ʻAskarīyah al- ʻUlyā al-Khāṣṣah.</subfield>
   </datafield>
   <datafield ind1=" " ind2=" " tag="500">
      <subfield code="a">At head of title: Wizar̄at al-Difāʻ, al-Qiyādah al-ʻĀmmah lil-Qūwāt al-Musallaḥah.</subfield>
   </datafield>
   <datafield ind1=" " ind2="0" tag="650">
      <subfield code="a">Trials (Political crimes and offenses)</subfield>
      <subfield code="z">Iraq.</subfield>
   </datafield>
   <datafield ind1="1" ind2=" " tag="710">
      <subfield code="a">Iraq.</subfield>
      <subfield code="b">Wizārat al-Difāʻ.</subfield>
      <subfield code="0">http://id.loc.gov/authorities/names/n81036020</subfield>
   </datafield>
   <datafield ind1="0" ind2=" " tag="740">
      <subfield code="a">Maḥādir al-rasmīyah li-jalasāt al Maḥkamah al-ʻAskarīyah al-ʻUlyā al-Khāṣṣah.</subfield>
   </datafield>
   <datafield ind1="1" ind2=" " tag="880">
      <subfield code="6">110-00/(3/r</subfield>
      <subfield code="a">العراق.</subfield>
      <subfield code="b">وزارة الدفاع.</subfield>
   </datafield>
   <datafield ind1="1" ind2="0" tag="880">
      <subfield code="6">245-01/(3/r</subfield>
      <subfield code="a">محاكمات المحكمة العسكرية العليا الخاصة :</subfield>
      <subfield code="b">المحاضر الرسمية للجلسات التي عقدثها المحكمة لمحاكمة المتٱمرين على سلامة الوطن و مفسدي نظام الحكم /</subfield>
      <subfield code="c">اعداد هيئة التنسيق في المحكمة العسكرية العليا الخاصة.</subfield>
   </datafield>
   <datafield ind1=" " ind2=" " tag="880">
      <subfield code="6">260-00/(3/r</subfield>
      <subfield code="a">[بغداد] :</subfield>
      <subfield code="b">وزارة الدغاع،</subfield>
      <subfield code="c">1962.</subfield>
   </datafield>
   <datafield ind1=" " ind2=" " tag="994">
      <subfield code="a">C0</subfield>
      <subfield code="b">PUL</subfield>
   </datafield>
   <datafield ind1=" " ind2=" " tag="902">
      <subfield code="a">kc</subfield>
      <subfield code="b">r</subfield>
      <subfield code="6">a</subfield>
      <subfield code="7">m</subfield>
      <subfield code="d">v</subfield>
      <subfield code="f">0</subfield>
      <subfield code="e">20070723</subfield>
   </datafield>
   <datafield ind1="8" ind2=" " tag="852">
      <subfield code="0">5428835</subfield>
      <subfield code="b">rcppa</subfield>
      <subfield code="h">KPA</subfield>
      <subfield code="i">.xI72 1959</subfield>
      <subfield code="x">tr fr arab</subfield>
   </datafield>
   <datafield ind1=" " ind2="0" tag="866">
      <subfield code="0">5428835</subfield>
      <subfield code="a">Juz 3</subfield>
   </datafield>
   <datafield ind1=" " ind2=" " tag="959">
      <subfield code="a">2007-07-24 08:18:30 -0400</subfield>
   </datafield>
</record>
